<record><leader>00000cas a2200000 a 4500</leader><controlfield tag="001">12953394</controlfield><controlfield tag="008">851224d18841uuukyuwr ne      0    0eng d</controlfield><datafield ind1=" " ind2=" " tag="010"><subfield code="a">sn 85052216 </subfield></datafield><datafield ind1=" " ind2=" " tag="040"><subfield code="a">KNP</subfield><subfield code="b">eng</subfield><subfield code="c">KNP</subfield><subfield code="d">OCL</subfield><subfield code="d">OCLCQ</subfield><subfield code="d">KYUBL</subfield><subfield code="d">OCLCQ</subfield><subfield code="d">OCLCF</subfield><subfield code="d">OCLCO</subfield></datafield><datafield ind1="1" ind2=" " tag="029"><subfield code="a">AU@</subfield><subfield code="b">000022168902</subfield></datafield><datafield ind1=" " ind2=" " tag="042"><subfield code="a">msc</subfield></datafield><datafield ind1=" " ind2=" " tag="043"><subfield code="a">n-us-ky</subfield></datafield><datafield ind1="0" ind2=" " tag="130"><subfield code="a">Weekly standard (Paducah, Ky.)</subfield></datafield><datafield ind1="1" ind2="4" tag="245"><subfield code="a">The weekly standard.</subfield></datafield><datafield ind1="1" ind2="3" tag="246"><subfield code="a">Standard</subfield></datafield><datafield ind1=" " ind2=" " tag="260"><subfield code="a">Paducah, Ky. :</subfield><subfield code="b">Leigh Bros.</subfield></datafield><datafield ind1=" " ind2=" " tag="300"><subfield code="a">v. :</subfield><subfield code="b">ill.</subfield></datafield><datafield ind1=" " ind2=" " tag="310"><subfield code="a">Weekly</subfield></datafield><datafield ind1="1" ind2=" " tag="362"><subfield code="a">Began in 1884.</subfield><subfield code="z">Cf. Ayer, 1885.</subfield></datafield><datafield ind1=" " ind2=" " tag="588"><subfield code="a">Description based on: Vol. 2, no. 36 (Feb. 19, 1886).</subfield></datafield><datafield ind1=" " ind2="0" tag="651"><subfield code="a">McCracken County (Ky.)</subfield><subfield code="v">Newspapers.</subfield></datafield><datafield ind1=" " ind2="0" tag="651"><subfield code="a">Paducah (Ky.)</subfield><subfield code="v">Newspapers.</subfield></datafield><datafield ind1=" " ind2="7" tag="655"><subfield code="a">Newspapers.</subfield><subfield code="2">fast</subfield><subfield code="0">(OCoLC)fst01423814</subfield></datafield><datafield ind1=" " ind2="7" tag="651"><subfield code="a">Kentucky</subfield><subfield code="z">McCracken County.</subfield><subfield code="2">fast</subfield><subfield code="0">(OCoLC)fst01215431</subfield></datafield><datafield ind1=" " ind2="7" tag="651"><subfield code="a">Kentucky</subfield><subfield code="z">Paducah.</subfield><subfield code="2">fast</subfield><subfield code="0">(OCoLC)fst01206751</subfield></datafield><datafield ind1=" " ind2=" " tag="752"><subfield code="a">United States</subfield><subfield code="b">Kentucky</subfield><subfield code="c">McCracken</subfield><subfield code="d">Paducah.</subfield></datafield><datafield ind1="0" ind2=" " tag="775"><subfield code="t">Daily standard (Paducah, Ky.)</subfield><subfield code="w">(DLC)sn 85052099</subfield></datafield></record>